@incollection{bmc,
  author    = {Armin Biere},
  editor    = {Armin Biere and
               Marijn Heule and
               Hans van Maaren and
               Toby Walsh},
  title     = {Bounded Model Checking},
  booktitle = {Handbook of Satisfiability - Second Edition},
  series    = {Frontiers in Artificial Intelligence and Applications},
  volume    = {336},
  pages     = {739--764},
  publisher = {{IOS} Press},
  year      = {2021},
  url       = {https://doi.org/10.3233/FAIA201002},
  doi       = {10.3233/FAIA201002},
  timestamp = {Fri, 06 May 2022 08:06:04 +0200},
  biburl    = {https://dblp.org/rec/series/faia/Biere21.bib},
  bibsource = {dblp computer science bibliography, https://dblp.org}
}

@inproceedings{klee,
  author    = {Cristian Cadar and
               Daniel Dunbar and
               Dawson R. Engler},
  editor    = {Richard Draves and
               Robbert van Renesse},
  title     = {{KLEE:} Unassisted and Automatic Generation of High-Coverage Tests
               for Complex Systems Programs},
  booktitle = {8th {USENIX} Symposium on Operating Systems Design and Implementation,
               {OSDI} 2008, December 8-10, 2008, San Diego, California, USA, Proceedings},
  pages     = {209--224},
  publisher = {{USENIX} Association},
  year      = {2008},
  url       = {http://www.usenix.org/events/osdi08/tech/full\_papers/cadar/cadar.pdf},
  timestamp = {Thu, 12 Mar 2020 11:35:55 +0100},
  biburl    = {https://dblp.org/rec/conf/osdi/CadarDE08.bib},
  bibsource = {dblp computer science bibliography, https://dblp.org}
}

@inproceedings{cts,
  author    = {Edmund M. Clarke and
               Daniel Kroening and
               Jo{\"{e}}l Ouaknine and
               Ofer Strichman},
  editor    = {Bernhard Steffen and
               Giorgio Levi},
  title     = {Completeness and Complexity of Bounded Model Checking},
  booktitle = {Verification, Model Checking, and Abstract Interpretation, 5th International
               Conference, {VMCAI} 2004, Venice, Italy, January 11-13, 2004, Proceedings},
  series    = {Lecture Notes in Computer Science},
  volume    = {2937},
  pages     = {85--96},
  publisher = {Springer},
  year      = {2004},
  url       = {https://doi.org/10.1007/978-3-540-24622-0\_9},
  doi       = {10.1007/978-3-540-24622-0\_9},
  timestamp = {Tue, 14 May 2019 10:00:43 +0200},
  biburl    = {https://dblp.org/rec/conf/vmcai/ClarkeKOS04.bib},
  bibsource = {dblp computer science bibliography, https://dblp.org}
}

@inproceedings{lcts,
  author    = {Daniel Kroening and
               Jo{\"{e}}l Ouaknine and
               Ofer Strichman and
               Thomas Wahl and
               James Worrell},
  editor    = {Ganesh Gopalakrishnan and
               Shaz Qadeer},
  title     = {Linear Completeness Thresholds for Bounded Model Checking},
  booktitle = {Computer Aided Verification - 23rd International Conference, {CAV}
               2011, Snowbird, UT, USA, July 14-20, 2011. Proceedings},
  series    = {Lecture Notes in Computer Science},
  volume    = {6806},
  pages     = {557--572},
  publisher = {Springer},
  year      = {2011},
  url       = {https://doi.org/10.1007/978-3-642-22110-1\_44},
  doi       = {10.1007/978-3-642-22110-1\_44},
  timestamp = {Fri, 27 Mar 2020 08:45:57 +0100},
  biburl    = {https://dblp.org/rec/conf/cav/KroeningOSWW11.bib},
  bibsource = {dblp computer science bibliography, https://dblp.org}
}

@inproceedings{lctsagain,
  author    = {Daniel Bundala and
               Jo{\"{e}}l Ouaknine and
               James Worrell},
  title     = {On the Magnitude of Completeness Thresholds in Bounded Model Checking},
  booktitle = {Proceedings of the 27th Annual {IEEE} Symposium on Logic in Computer
               Science, {LICS} 2012, Dubrovnik, Croatia, June 25-28, 2012},
  pages     = {155--164},
  publisher = {{IEEE} Computer Society},
  year      = {2012},
  url       = {https://doi.org/10.1109/LICS.2012.27},
  doi       = {10.1109/LICS.2012.27},
  timestamp = {Wed, 16 Oct 2019 14:14:54 +0200},
  biburl    = {https://dblp.org/rec/conf/lics/BundalaOW12.bib},
  bibsource = {dblp computer science bibliography, https://dblp.org}
}

@inproceedings{cbmc,
  author    = {Kareem Khazem and
               Michael Tautschnig},
  editor    = {Dirk Beyer and
               Marieke Huisman and
               Fabrice Kordon and
               Bernhard Steffen},
  title     = {{CBMC} Path: {A} Symbolic Execution Retrofit of the {C} Bounded Model
               Checker - (Competition Contribution)},
  booktitle = {Tools and Algorithms for the Construction and Analysis of Systems
               - 25 Years of {TACAS:} TOOLympics, Held as Part of {ETAPS} 2019, Prague,
               Czech Republic, April 6-11, 2019, Proceedings, Part {III}},
  series    = {Lecture Notes in Computer Science},
  volume    = {11429},
  pages     = {199--203},
  publisher = {Springer},
  year      = {2019},
  url       = {https://doi.org/10.1007/978-3-030-17502-3\_13},
  doi       = {10.1007/978-3-030-17502-3\_13},
  timestamp = {Fri, 09 Apr 2021 18:45:37 +0200},
  biburl    = {https://dblp.org/rec/conf/tacas/KhazemT19.bib},
  bibsource = {dblp computer science bibliography, https://dblp.org}
}

@inproceedings{cvc5,
  author    = {Haniel Barbosa and
               Clark W. Barrett and
               Martin Brain and
               Gereon Kremer and
               Hanna Lachnitt and
               Makai Mann and
               Abdalrhman Mohamed and
               Mudathir Mohamed and
               Aina Niemetz and
               Andres N{\"{o}}tzli and
               Alex Ozdemir and
               Mathias Preiner and
               Andrew Reynolds and
               Ying Sheng and
               Cesare Tinelli and
               Yoni Zohar},
  editor    = {Dana Fisman and
               Grigore Rosu},
  title     = {cvc5: {A} Versatile and Industrial-Strength {SMT} Solver},
  booktitle = {Tools and Algorithms for the Construction and Analysis of Systems
               - 28th International Conference, {TACAS} 2022, Held as Part of the
               European Joint Conferences on Theory and Practice of Software, {ETAPS}
               2022, Munich, Germany, April 2-7, 2022, Proceedings, Part {I}},
  series    = {Lecture Notes in Computer Science},
  volume    = {13243},
  pages     = {415--442},
  publisher = {Springer},
  year      = {2022},
  url       = {https://doi.org/10.1007/978-3-030-99524-9\_24},
  doi       = {10.1007/978-3-030-99524-9\_24},
  timestamp = {Fri, 29 Apr 2022 14:50:36 +0200},
  biburl    = {https://dblp.org/rec/conf/tacas/BarbosaBBKLMMMN22.bib},
  bibsource = {dblp computer science bibliography, https://dblp.org}
}

@inproceedings{z3,
  author    = {Leonardo Mendon{\c{c}}a de Moura and
               Nikolaj S. Bj{\o}rner},
  editor    = {C. R. Ramakrishnan and
               Jakob Rehof},
  title     = {{Z3:} An Efficient {SMT} Solver},
  booktitle = {Tools and Algorithms for the Construction and Analysis of Systems,
               14th International Conference, {TACAS} 2008, Held as Part of the Joint
               European Conferences on Theory and Practice of Software, {ETAPS} 2008,
               Budapest, Hungary, March 29-April 6, 2008. Proceedings},
  series    = {Lecture Notes in Computer Science},
  volume    = {4963},
  pages     = {337--340},
  publisher = {Springer},
  year      = {2008},
  url       = {https://doi.org/10.1007/978-3-540-78800-3\_24},
  doi       = {10.1007/978-3-540-78800-3\_24},
  timestamp = {Thu, 14 Apr 2022 20:26:15 +0200},
  biburl    = {https://dblp.org/rec/conf/tacas/MouraB08.bib},
  bibsource = {dblp computer science bibliography, https://dblp.org}
}

@inproceedings{cousot77,
  author    = {Patrick Cousot and
               Radhia Cousot},
  editor    = {Robert M. Graham and
               Michael A. Harrison and
               Ravi Sethi},
  title     = {Abstract Interpretation: {A} Unified Lattice Model for Static Analysis
               of Programs by Construction or Approximation of Fixpoints},
  booktitle = {Conference Record of the Fourth {ACM} Symposium on Principles of Programming
               Languages, Los Angeles, California, USA, January 1977},
  pages     = {238--252},
  publisher = {{ACM}},
  year      = {1977},
  url       = {https://doi.org/10.1145/512950.512973},
  doi       = {10.1145/512950.512973},
  timestamp = {Tue, 06 Nov 2018 11:07:42 +0100},
  biburl    = {https://dblp.org/rec/conf/popl/CousotC77.bib},
  bibsource = {dblp computer science bibliography, https://dblp.org}
}

@inproceedings{tvla,
  author    = {Shmuel Sagiv and
               Thomas W. Reps and
               Reinhard Wilhelm},
  editor    = {Andrew W. Appel and
               Alex Aiken},
  title     = {Parametric Shape Analysis via 3-Valued Logic},
  booktitle = {{POPL} '99, Proceedings of the 26th {ACM} {SIGPLAN-SIGACT} Symposium
               on Principles of Programming Languages, San Antonio, TX, USA, January
               20-22, 1999},
  pages     = {105--118},
  publisher = {{ACM}},
  year      = {1999},
  url       = {https://doi.org/10.1145/292540.292552},
  doi       = {10.1145/292540.292552},
  timestamp = {Sun, 02 Jun 2019 21:12:57 +0200},
  biburl    = {https://dblp.org/rec/conf/popl/SagivRW99.bib},
  bibsource = {dblp computer science bibliography, https://dblp.org}
}

@inproceedings{ic3,
  author    = {Aaron R. Bradley},
  editor    = {Ranjit Jhala and
               David A. Schmidt},
  title     = {SAT-Based Model Checking without Unrolling},
  booktitle = {Verification, Model Checking, and Abstract Interpretation - 12th International
               Conference, {VMCAI} 2011, Austin, TX, USA, January 23-25, 2011. Proceedings},
  series    = {Lecture Notes in Computer Science},
  volume    = {6538},
  pages     = {70--87},
  publisher = {Springer},
  year      = {2011},
  url       = {https://doi.org/10.1007/978-3-642-18275-4\_7},
  doi       = {10.1007/978-3-642-18275-4\_7},
  timestamp = {Tue, 14 May 2019 10:00:43 +0200},
  biburl    = {https://dblp.org/rec/conf/vmcai/Bradley11.bib},
  bibsource = {dblp computer science bibliography, https://dblp.org}
}

@inproceedings{pdr,
  author    = {Niklas E{\'{e}}n and
               Alan Mishchenko and
               Robert K. Brayton},
  editor    = {Per Bjesse and
               Anna Slobodov{\'{a}}},
  title     = {Efficient implementation of property directed reachability},
  booktitle = {International Conference on Formal Methods in Computer-Aided Design,
               {FMCAD} '11, Austin, TX, USA, October 30 - November 02, 2011},
  pages     = {125--134},
  publisher = {{FMCAD} Inc.},
  year      = {2011},
  url       = {http://dl.acm.org/citation.cfm?id=2157675},
  timestamp = {Mon, 09 Aug 2021 15:21:44 +0200},
  biburl    = {https://dblp.org/rec/conf/fmcad/EenMB11.bib},
  bibsource = {dblp computer science bibliography, https://dblp.org}
}

@article{friends,
  title={IC3, PDR, and Friends},
  author={Arie Gurfinkel},
  url={https://arieg.bitbucket.io/pdf/gurfinkel_ssft15.pdf},
  year={2015}
}

@inproceedings{slhsmp,
  author    = {Cristina David and
               Daniel Kroening and
               Matt Lewis},
  editor    = {Jan Vitek},
  title     = {Propositional Reasoning about Safety and Termination of Heap-Manipulating
               Programs},
  booktitle = {Programming Languages and Systems - 24th European Symposium on Programming,
               {ESOP} 2015, Held as Part of the European Joint Conferences on Theory
               and Practice of Software, {ETAPS} 2015, London, UK, April 11-18, 2015.
               Proceedings},
  series    = {Lecture Notes in Computer Science},
  volume    = {9032},
  pages     = {661--684},
  publisher = {Springer},
  year      = {2015},
  url       = {https://doi.org/10.1007/978-3-662-46669-8\_27},
  doi       = {10.1007/978-3-662-46669-8\_27},
  timestamp = {Fri, 27 Mar 2020 08:58:30 +0100},
  biburl    = {https://dblp.org/rec/conf/esop/DavidKL15a.bib},
  bibsource = {dblp computer science bibliography, https://dblp.org}
}

@inproceedings{sllsmp,
  author    = {Silvio Ranise and
               Calogero G. Zarba},
  title     = {A Theory of Singly-Linked Lists and its Extensible Decision Procedure},
  booktitle = {Fourth {IEEE} International Conference on Software Engineering and
               Formal Methods {(SEFM} 2006), 11-15 September 2006, Pune, India},
  pages     = {206--215},
  publisher = {{IEEE} Computer Society},
  year      = {2006},
  url       = {https://doi.org/10.1109/SEFM.2006.7},
  doi       = {10.1109/SEFM.2006.7},
  timestamp = {Wed, 16 Oct 2019 14:14:57 +0200},
  biburl    = {https://dblp.org/rec/conf/sefm/RaniseZ06.bib},
  bibsource = {dblp computer science bibliography, https://dblp.org}
}

@inproceedings{strand,
  author    = {P. Madhusudan and
               Gennaro Parlato and
               Xiaokang Qiu},
  editor    = {Thomas Ball and
               Mooly Sagiv},
  title     = {Decidable logics combining heap structures and data},
  booktitle = {Proceedings of the 38th {ACM} {SIGPLAN-SIGACT} Symposium on Principles
               of Programming Languages, {POPL} 2011, Austin, TX, USA, January 26-28,
               2011},
  pages     = {611--622},
  publisher = {{ACM}},
  year      = {2011},
  url       = {https://doi.org/10.1145/1926385.1926455},
  doi       = {10.1145/1926385.1926455},
  timestamp = {Thu, 24 Jun 2021 16:19:31 +0200},
  biburl    = {https://dblp.org/rec/conf/popl/MadhusudanPQ11.bib},
  bibsource = {dblp computer science bibliography, https://dblp.org}
}

@article{howsmall,
  author    = {Amir Pnueli and
               Yoav Rodeh and
               Ofer Strichman and
               Michael Siegel},
  title     = {The Small Model Property: How Small Can It Be?},
  journal   = {Inf. Comput.},
  volume    = {178},
  number    = {1},
  pages     = {279--293},
  year      = {2002},
  url       = {https://doi.org/10.1006/inco.2002.3175},
  doi       = {10.1006/inco.2002.3175},
  timestamp = {Fri, 12 Feb 2021 22:16:17 +0100},
  biburl    = {https://dblp.org/rec/journals/iandc/PnueliRSS02.bib},
  bibsource = {dblp computer science bibliography, https://dblp.org}
}

@article{smtbugs,
  author    = {Dominik Winterer and
               Chengyu Zhang and
               Zhendong Su},
  title     = {On the unusual effectiveness of type-aware operator mutations for
               testing {SMT} solvers},
  journal   = {Proc. {ACM} Program. Lang.},
  volume    = {4},
  number    = {{OOPSLA}},
  pages     = {193:1--193:25},
  year      = {2020},
  url       = {https://doi.org/10.1145/3428261},
  doi       = {10.1145/3428261},
  timestamp = {Tue, 30 Nov 2021 15:21:24 +0100},
  biburl    = {https://dblp.org/rec/journals/pacmpl/WintererZS20.bib},
  bibsource = {dblp computer science bibliography, https://dblp.org}
}

@article{social,
  author    = {Richard A. DeMillo and
               Richard J. Lipton and
               Alan J. Perlis},
  title     = {Social Processes and Proofs of Theorems and Programs},
  journal   = {Commun. {ACM}},
  volume    = {22},
  number    = {5},
  pages     = {271--280},
  year      = {1979},
  url       = {https://doi.org/10.1145/359104.359106},
  doi       = {10.1145/359104.359106},
  timestamp = {Wed, 14 Nov 2018 10:22:32 +0100},
  biburl    = {https://dblp.org/rec/journals/cacm/DeMilloLP79.bib},
  bibsource = {dblp computer science bibliography, https://dblp.org}
}

@inproceedings{autover,
  author    = {Olivier Ponsini and
               H{\'{e}}l{\`{e}}ne Collavizza and
               Carine F{\'{e}}d{\`{e}}le and
               Claude Michel and
               Michel Rueher},
  editor    = {Radu Marinescu and
               Michele Lanza and
               Andrian Marcus},
  title     = {Automatic verification of loop invariants},
  booktitle = {26th {IEEE} International Conference on Software Maintenance {(ICSM}
               2010), September 12-18, 2010, Timisoara, Romania},
  pages     = {1--5},
  publisher = {{IEEE} Computer Society},
  year      = {2010},
  url       = {https://doi.org/10.1109/ICSM.2010.5609573},
  doi       = {10.1109/ICSM.2010.5609573},
  timestamp = {Mon, 18 Jan 2021 18:05:53 +0100},
  biburl    = {https://dblp.org/rec/conf/icsm/PonsiniCFMR10.bib},
  bibsource = {dblp computer science bibliography, https://dblp.org}
}

@inproceedings{smtbugs2,
  author    = {Dominik Winterer and
               Chengyu Zhang and
               Zhendong Su},
  editor    = {Alastair F. Donaldson and
               Emina Torlak},
  title     = {Validating {SMT} solvers via semantic fusion},
  booktitle = {Proceedings of the 41st {ACM} {SIGPLAN} International Conference on
               Programming Language Design and Implementation, {PLDI} 2020, London,
               UK, June 15-20, 2020},
  pages     = {718--730},
  publisher = {{ACM}},
  year      = {2020},
  url       = {https://doi.org/10.1145/3385412.3385985},
  doi       = {10.1145/3385412.3385985},
  timestamp = {Tue, 30 Nov 2021 15:21:24 +0100},
  biburl    = {https://dblp.org/rec/conf/pldi/WintererZS20.bib},
  bibsource = {dblp computer science bibliography, https://dblp.org}
}

@inproceedings{invdec,
  author    = {Oded Padon and
               Neil Immerman and
               Sharon Shoham and
               Aleksandr Karbyshev and
               Mooly Sagiv},
  editor    = {Rastislav Bod{\'{\i}}k and
               Rupak Majumdar},
  title     = {Decidability of inferring inductive invariants},
  booktitle = {Proceedings of the 43rd Annual {ACM} {SIGPLAN-SIGACT} Symposium on
               Principles of Programming Languages, {POPL} 2016, St. Petersburg,
               FL, USA, January 20 - 22, 2016},
  pages     = {217--231},
  publisher = {{ACM}},
  year      = {2016},
  url       = {https://doi.org/10.1145/2837614.2837640},
  doi       = {10.1145/2837614.2837640},
  timestamp = {Wed, 23 Jun 2021 15:34:31 +0200},
  biburl    = {https://dblp.org/rec/conf/popl/PadonISKS16.bib},
  bibsource = {dblp computer science bibliography, https://dblp.org}
}

@inproceedings{vcc,
  author    = {Ernie Cohen and
               Markus Dahlweid and
               Mark A. Hillebrand and
               Dirk Leinenbach and
               Michal Moskal and
               Thomas Santen and
               Wolfram Schulte and
               Stephan Tobies},
  editor    = {Stefan Berghofer and
               Tobias Nipkow and
               Christian Urban and
               Makarius Wenzel},
  title     = {{VCC:} {A} Practical System for Verifying Concurrent {C}},
  booktitle = {Theorem Proving in Higher Order Logics, 22nd International Conference,
               TPHOLs 2009, Munich, Germany, August 17-20, 2009. Proceedings},
  series    = {Lecture Notes in Computer Science},
  volume    = {5674},
  pages     = {23--42},
  publisher = {Springer},
  year      = {2009},
  url       = {https://doi.org/10.1007/978-3-642-03359-9\_2},
  doi       = {10.1007/978-3-642-03359-9\_2},
  timestamp = {Tue, 14 May 2019 10:00:48 +0200},
  biburl    = {https://dblp.org/rec/conf/tphol/CohenDHLMSST09.bib},
  bibsource = {dblp computer science bibliography, https://dblp.org}
}

@inproceedings{aflpp,
  author    = {Andrea Fioraldi and
               Dominik Maier and
               Heiko Ei{\ss}feldt and
               Marc Heuse},
  editor    = {Yuval Yarom and
               Sarah Zennou},
  title     = {{AFL++} : Combining Incremental Steps of Fuzzing Research},
  booktitle = {14th {USENIX} Workshop on Offensive Technologies, {WOOT} 2020, August
               11, 2020},
  publisher = {{USENIX} Association},
  year      = {2020},
  url       = {https://www.usenix.org/conference/woot20/presentation/fioraldi},
  timestamp = {Thu, 06 May 2021 12:01:29 +0200},
  biburl    = {https://dblp.org/rec/conf/woot/MaierEFH20.bib},
  bibsource = {dblp computer science bibliography, https://dblp.org}
}

@article{singlepass,
  author    = {Umang Mathur and
               Adithya Murali and
               Paul Krogmeier and
               P. Madhusudan and
               Mahesh Viswanathan},
  title     = {Deciding memory safety for single-pass heap-manipulating programs},
  journal   = {Proc. {ACM} Program. Lang.},
  volume    = {4},
  number    = {{POPL}},
  pages     = {35:1--35:29},
  year      = {2020},
  url       = {https://doi.org/10.1145/3371103},
  doi       = {10.1145/3371103},
  timestamp = {Sat, 09 Apr 2022 12:20:49 +0200},
  biburl    = {https://dblp.org/rec/journals/pacmpl/MathurMKMV20.bib},
  bibsource = {dblp computer science bibliography, https://dblp.org}
}

@article{uninterp,
  author    = {Umang Mathur and
               P. Madhusudan and
               Mahesh Viswanathan},
  title     = {Decidable verification of uninterpreted programs},
  journal   = {Proc. {ACM} Program. Lang.},
  volume    = {3},
  number    = {{POPL}},
  pages     = {46:1--46:29},
  year      = {2019},
  url       = {https://doi.org/10.1145/3290359},
  doi       = {10.1145/3290359},
  timestamp = {Wed, 17 Feb 2021 08:54:05 +0100},
  biburl    = {https://dblp.org/rec/journals/pacmpl/MathurMV19.bib},
  bibsource = {dblp computer science bibliography, https://dblp.org}
}

@article{wysinwyx,
  author    = {Gogul Balakrishnan and
               Thomas W. Reps},
  title     = {{WYSINWYX:} What you see is not what you eXecute},
  journal   = {{ACM} Trans. Program. Lang. Syst.},
  volume    = {32},
  number    = {6},
  pages     = {23:1--23:84},
  year      = {2010},
  url       = {https://doi.org/10.1145/1749608.1749612},
  doi       = {10.1145/1749608.1749612},
  timestamp = {Tue, 06 Nov 2018 12:51:29 +0100},
  biburl    = {https://dblp.org/rec/journals/toplas/BalakrishnanR10.bib},
  bibsource = {dblp computer science bibliography, https://dblp.org}
}

@inproceedings{seplogic,
  author    = {Peter W. O'Hearn and
               John C. Reynolds and
               Hongseok Yang},
  editor    = {Laurent Fribourg},
  title     = {Local Reasoning about Programs that Alter Data Structures},
  booktitle = {Computer Science Logic, 15th International Workshop, {CSL} 2001. 10th
               Annual Conference of the EACSL, Paris, France, September 10-13, 2001,
               Proceedings},
  series    = {Lecture Notes in Computer Science},
  volume    = {2142},
  pages     = {1--19},
  publisher = {Springer},
  year      = {2001},
  url       = {https://doi.org/10.1007/3-540-44802-0\_1},
  doi       = {10.1007/3-540-44802-0\_1},
  timestamp = {Tue, 14 May 2019 10:00:42 +0200},
  biburl    = {https://dblp.org/rec/conf/csl/OHearnRY01.bib},
  bibsource = {dblp computer science bibliography, https://dblp.org}
}


@article{hoare,
  author    = {C. A. R. Hoare},
  title     = {An Axiomatic Basis for Computer Programming},
  journal   = {Commun. {ACM}},
  volume    = {12},
  number    = {10},
  pages     = {576--580},
  year      = {1969},
  url       = {https://doi.org/10.1145/363235.363259},
  doi       = {10.1145/363235.363259},
  timestamp = {Wed, 14 Nov 2018 10:22:34 +0100},
  biburl    = {https://dblp.org/rec/journals/cacm/Hoare69.bib},
  bibsource = {dblp computer science bibliography, https://dblp.org}
}

@article{floyd,
  title={Assigning meanings to programs},
  author={Floyd, Robert W},
  journal={American Mathematical Society},
  year={1967}
}



@inproceedings{biabduction,
  author    = {Cristiano Calcagno and
               Dino Distefano and
               Peter W. O'Hearn and
               Hongseok Yang},
  editor    = {Zhong Shao and
               Benjamin C. Pierce},
  title     = {Compositional shape analysis by means of bi-abduction},
  booktitle = {Proceedings of the 36th {ACM} {SIGPLAN-SIGACT} Symposium on Principles
               of Programming Languages, {POPL} 2009, Savannah, GA, USA, January
               21-23, 2009},
  pages     = {289--300},
  publisher = {{ACM}},
  year      = {2009},
  url       = {https://doi.org/10.1145/1480881.1480917},
  doi       = {10.1145/1480881.1480917},
  timestamp = {Fri, 25 Jun 2021 14:48:54 +0200},
  biburl    = {https://dblp.org/rec/conf/popl/CalcagnoDOY09.bib},
  bibsource = {dblp computer science bibliography, https://dblp.org}
}

@inproceedings{sling,
  author    = {Ton Chanh Le and
               Guolong Zheng and
               ThanhVu Nguyen},
  editor    = {Kathryn S. McKinley and
               Kathleen Fisher},
  title     = {{SLING:} using dynamic analysis to infer program invariants in separation
               logic},
  booktitle = {Proceedings of the 40th {ACM} {SIGPLAN} Conference on Programming
               Language Design and Implementation, {PLDI} 2019, Phoenix, AZ, USA,
               June 22-26, 2019},
  pages     = {788--801},
  publisher = {{ACM}},
  year      = {2019},
  url       = {https://doi.org/10.1145/3314221.3314634},
  doi       = {10.1145/3314221.3314634},
  timestamp = {Sun, 09 Jun 2019 19:00:05 +0200},
  biburl    = {https://dblp.org/rec/conf/pldi/LeZN19.bib},
  bibsource = {dblp computer science bibliography, https://dblp.org}
}

@article{inferringsep,
  title={Inferring invariants in separation logic for imperative list-processing programs},
  author={Magill, Stephen and Nanevski, Aleksandar and Clarke, Edmund and Lee, Peter},
  journal={SPACE},
  volume={1},
  number={1},
  pages={5--7},
  year={2006}
}


@inproceedings{ikos,
  author    = {Guillaume Brat and
               Jorge A. Navas and
               Nija Shi and
               Arnaud Venet},
  editor    = {Dimitra Giannakopoulou and
               Gwen Sala{\"{u}}n},
  title     = {{IKOS:} {A} Framework for Static Analysis Based on Abstract Interpretation},
  booktitle = {Software Engineering and Formal Methods - 12th International Conference,
               {SEFM} 2014, Grenoble, France, September 1-5, 2014. Proceedings},
  series    = {Lecture Notes in Computer Science},
  volume    = {8702},
  pages     = {271--277},
  publisher = {Springer},
  year      = {2014},
  url       = {https://doi.org/10.1007/978-3-319-10431-7\_20},
  doi       = {10.1007/978-3-319-10431-7\_20},
  timestamp = {Tue, 14 May 2019 10:00:54 +0200},
  biburl    = {https://dblp.org/rec/conf/sefm/BratNSV14.bib},
  bibsource = {dblp computer science bibliography, https://dblp.org}
}



@inproceedings{astree,
  author    = {David Delmas and
               Jean Souyris},
  editor    = {Hanne Riis Nielson and
               Gilberto Fil{\'{e}}},
  title     = {Astr{\'{e}}e: From Research to Industry},
  booktitle = {Static Analysis, 14th International Symposium, {SAS} 2007, Kongens
               Lyngby, Denmark, August 22-24, 2007, Proceedings},
  series    = {Lecture Notes in Computer Science},
  volume    = {4634},
  pages     = {437--451},
  publisher = {Springer},
  year      = {2007},
  url       = {https://doi.org/10.1007/978-3-540-74061-2\_27},
  doi       = {10.1007/978-3-540-74061-2\_27},
  timestamp = {Tue, 14 May 2019 10:00:52 +0200},
  biburl    = {https://dblp.org/rec/conf/sas/DelmasS07.bib},
  bibsource = {dblp computer science bibliography, https://dblp.org}
}

@inproceedings{fscq,
  author    = {Haogang Chen and
               Daniel Ziegler and
               Tej Chajed and
               Adam Chlipala and
               M. Frans Kaashoek and
               Nickolai Zeldovich},
  editor    = {Ethan L. Miller and
               Steven Hand},
  title     = {Using Crash Hoare logic for certifying the {FSCQ} file system},
  booktitle = {Proceedings of the 25th Symposium on Operating Systems Principles,
               {SOSP} 2015, Monterey, CA, USA, October 4-7, 2015},
  pages     = {18--37},
  publisher = {{ACM}},
  year      = {2015},
  url       = {https://doi.org/10.1145/2815400.2815402},
  doi       = {10.1145/2815400.2815402},
  timestamp = {Fri, 30 Aug 2019 12:53:02 +0200},
  biburl    = {https://dblp.org/rec/conf/sosp/ChenZCCKZ15.bib},
  bibsource = {dblp computer science bibliography, https://dblp.org}
}

@inproceedings{tdd,
  author    = {Boby George and
               Laurie A. Williams},
  editor    = {Gary B. Lamont and
               Hisham Haddad and
               George A. Papadopoulos and
               Brajendra Panda},
  title     = {An Initial Investigation of Test Driven Development in Industry},
  booktitle = {Proceedings of the 2003 {ACM} Symposium on Applied Computing (SAC),
               March 9-12, 2003, Melbourne, FL, {USA}},
  pages     = {1135--1139},
  publisher = {{ACM}},
  year      = {2003},
  url       = {https://doi.org/10.1145/952532.952753},
  doi       = {10.1145/952532.952753},
  timestamp = {Tue, 06 Nov 2018 11:06:49 +0100},
  biburl    = {https://dblp.org/rec/conf/sac/GeorgeW03.bib},
  bibsource = {dblp computer science bibliography, https://dblp.org}
}

@article{fuzzing,
  author    = {Jun Li and
               Bodong Zhao and
               Chao Zhang},
  title     = {Fuzzing: a survey},
  journal   = {Cybersecur.},
  volume    = {1},
  number    = {1},
  pages     = {6},
  year      = {2018},
  url       = {https://doi.org/10.1186/s42400-018-0002-y},
  doi       = {10.1186/s42400-018-0002-y},
  timestamp = {Thu, 27 Aug 2020 13:17:36 +0200},
  biburl    = {https://dblp.org/rec/journals/cybersec/LiZZ18.bib},
  bibsource = {dblp computer science bibliography, https://dblp.org}
}

@inproceedings{rwset,
  author    = {Peter Boonstoppel and
               Cristian Cadar and
               Dawson R. Engler},
  editor    = {C. R. Ramakrishnan and
               Jakob Rehof},
  title     = {RWset: Attacking Path Explosion in Constraint-Based Test Generation},
  booktitle = {Tools and Algorithms for the Construction and Analysis of Systems,
               14th International Conference, {TACAS} 2008, Held as Part of the Joint
               European Conferences on Theory and Practice of Software, {ETAPS} 2008,
               Budapest, Hungary, March 29-April 6, 2008. Proceedings},
  series    = {Lecture Notes in Computer Science},
  volume    = {4963},
  pages     = {351--366},
  publisher = {Springer},
  year      = {2008},
  url       = {https://doi.org/10.1007/978-3-540-78800-3\_27},
  doi       = {10.1007/978-3-540-78800-3\_27},
  timestamp = {Tue, 14 May 2019 10:00:53 +0200},
  biburl    = {https://dblp.org/rec/conf/tacas/BoonstoppelCE08.bib},
  bibsource = {dblp computer science bibliography, https://dblp.org}
}

@inproceedings{exe,
  author    = {Cristian Cadar and
               Vijay Ganesh and
               Peter M. Pawlowski and
               David L. Dill and
               Dawson R. Engler},
  editor    = {Ari Juels and
               Rebecca N. Wright and
               Sabrina De Capitani di Vimercati},
  title     = {{EXE:} automatically generating inputs of death},
  booktitle = {Proceedings of the 13th {ACM} Conference on Computer and Communications
               Security, {CCS} 2006, Alexandria, VA, USA, October 30 - November 3,
               2006},
  pages     = {322--335},
  publisher = {{ACM}},
  year      = {2006},
  url       = {https://doi.org/10.1145/1180405.1180445},
  doi       = {10.1145/1180405.1180445},
  timestamp = {Mon, 03 Jan 2022 22:18:49 +0100},
  biburl    = {https://dblp.org/rec/conf/ccs/CadarGPDE06.bib},
  bibsource = {dblp computer science bibliography, https://dblp.org}
}

@inproceedings{dart,
  author    = {Koushik Sen},
  editor    = {Kedar S. Namjoshi and
               Andreas Zeller and
               Avi Ziv},
  title     = {{DART:} Directed Automated Random Testing},
  booktitle = {Hardware and Software: Verification and Testing - 5th International
               Haifa Verification Conference, {HVC} 2009, Haifa, Israel, October
               19-22, 2009, Revised Selected Papers},
  series    = {Lecture Notes in Computer Science},
  volume    = {6405},
  pages     = {4},
  publisher = {Springer},
  year      = {2009},
  url       = {https://doi.org/10.1007/978-3-642-19237-1\_4},
  doi       = {10.1007/978-3-642-19237-1\_4},
  timestamp = {Sun, 25 Jul 2021 11:51:18 +0200},
  biburl    = {https://dblp.org/rec/conf/hvc/Sen09.bib},
  bibsource = {dblp computer science bibliography, https://dblp.org}
}

@article{symex,
  author    = {James C. King},
  title     = {Symbolic Execution and Program Testing},
  journal   = {Commun. {ACM}},
  volume    = {19},
  number    = {7},
  pages     = {385--394},
  year      = {1976},
  url       = {https://doi.org/10.1145/360248.360252},
  doi       = {10.1145/360248.360252},
  timestamp = {Tue, 06 Nov 2018 12:51:41 +0100},
  biburl    = {https://dblp.org/rec/journals/cacm/King76.bib},
  bibsource = {dblp computer science bibliography, https://dblp.org}
}

@inproceedings{sygus,
  author    = {Rajeev Alur and
               Rastislav Bod{\'{\i}}k and
               Garvit Juniwal and
               Milo M. K. Martin and
               Mukund Raghothaman and
               Sanjit A. Seshia and
               Rishabh Singh and
               Armando Solar{-}Lezama and
               Emina Torlak and
               Abhishek Udupa},
  title     = {Syntax-guided synthesis},
  booktitle = {Formal Methods in Computer-Aided Design, {FMCAD} 2013, Portland, OR,
               USA, October 20-23, 2013},
  pages     = {1--8},
  publisher = {{IEEE}},
  year      = {2013},
  url       = {https://ieeexplore.ieee.org/document/6679385/},
  timestamp = {Sat, 09 Apr 2022 12:41:20 +0200},
  biburl    = {https://dblp.org/rec/conf/fmcad/AlurBJMRSSSTU13.bib},
  bibsource = {dblp computer science bibliography, https://dblp.org}
}

@article{inputcov,
  author    = {Rick Kuhn and
               Raghu N. Kacker and
               Yu Lei and
               Dimitris E. Simos},
  title     = {Input Space Coverage Matters},
  journal   = {Computer},
  volume    = {53},
  number    = {1},
  pages     = {37--44},
  year      = {2020},
  url       = {https://doi.org/10.1109/MC.2019.2951980},
  doi       = {10.1109/MC.2019.2951980},
  timestamp = {Thu, 11 Feb 2021 14:49:16 +0100},
  biburl    = {https://dblp.org/rec/journals/computer/KuhnKLS20.bib},
  bibsource = {dblp computer science bibliography, https://dblp.org}
}

@article{catpart,
  author    = {Thomas J. Ostrand and
               Marc J. Balcer},
  title     = {The Category-Partition Method for Specifying and Generating Functional
               Tests},
  journal   = {Commun. {ACM}},
  volume    = {31},
  number    = {6},
  pages     = {676--686},
  year      = {1988},
  url       = {https://doi.org/10.1145/62959.62964},
  doi       = {10.1145/62959.62964},
  timestamp = {Wed, 14 Nov 2018 10:22:30 +0100},
  biburl    = {https://dblp.org/rec/journals/cacm/OstrandB88.bib},
  bibsource = {dblp computer science bibliography, https://dblp.org}
}

@article{classtrees,
  author    = {Matthias Grochtmann and
               Klaus Grimm},
  title     = {Classification Trees for Partition Testing},
  journal   = {Softw. Test. Verification Reliab.},
  volume    = {3},
  number    = {2},
  pages     = {63--82},
  year      = {1993},
  url       = {https://doi.org/10.1002/stvr.4370030203},
  doi       = {10.1002/stvr.4370030203},
  timestamp = {Wed, 01 Apr 2020 08:46:12 +0200},
  biburl    = {https://dblp.org/rec/journals/stvr/GrochtmannG93.bib},
  bibsource = {dblp computer science bibliography, https://dblp.org}
}

@article{testingvsproofs,
  author    = {William E. Howden},
  title     = {Program Testing versus Proofs of Correctness},
  journal   = {Softw. Test. Verification Reliab.},
  volume    = {1},
  number    = {1},
  pages     = {5--15},
  year      = {1991},
  url       = {https://doi.org/10.1002/stvr.4370010103},
  doi       = {10.1002/stvr.4370010103},
  timestamp = {Wed, 01 Apr 2020 08:46:12 +0200},
  biburl    = {https://dblp.org/rec/journals/stvr/Howden91.bib},
  bibsource = {dblp computer science bibliography, https://dblp.org}
}

@inproceedings{codecov,
  author    = {Marko Ivankovic and
               Goran Petrovic and
               Ren{\'{e}} Just and
               Gordon Fraser},
  editor    = {Marlon Dumas and
               Dietmar Pfahl and
               Sven Apel and
               Alessandra Russo},
  title     = {Code coverage at Google},
  booktitle = {Proceedings of the {ACM} Joint Meeting on European Software Engineering
               Conference and Symposium on the Foundations of Software Engineering,
               {ESEC/SIGSOFT} {FSE} 2019, Tallinn, Estonia, August 26-30, 2019},
  pages     = {955--963},
  publisher = {{ACM}},
  year      = {2019},
  url       = {https://doi.org/10.1145/3338906.3340459},
  doi       = {10.1145/3338906.3340459},
  timestamp = {Tue, 01 Feb 2022 10:45:16 +0100},
  biburl    = {https://dblp.org/rec/conf/sigsoft/IvankovicPJF19.bib},
  bibsource = {dblp computer science bibliography, https://dblp.org}
}

@article{proofsfromtests,
  author    = {Nels E. Beckman and
               Aditya V. Nori and
               Sriram K. Rajamani and
               Robert J. Simmons and
               SaiDeep Tetali and
               Aditya V. Thakur},
  title     = {Proofs from Tests},
  journal   = {{IEEE} Trans. Software Eng.},
  volume    = {36},
  number    = {4},
  pages     = {495--508},
  year      = {2010},
  url       = {https://doi.org/10.1109/TSE.2010.49},
  doi       = {10.1109/TSE.2010.49},
  timestamp = {Wed, 14 Nov 2018 10:49:21 +0100},
  biburl    = {https://dblp.org/rec/journals/tse/BeckmanNRSTT10.bib},
  bibsource = {dblp computer science bibliography, https://dblp.org}
}

@inproceedings{proofsthatcount,
  author    = {Azadeh Farzan and
               Zachary Kincaid and
               Andreas Podelski},
  editor    = {Suresh Jagannathan and
               Peter Sewell},
  title     = {Proofs that count},
  booktitle = {The 41st Annual {ACM} {SIGPLAN-SIGACT} Symposium on Principles of
               Programming Languages, {POPL} '14, San Diego, CA, USA, January 20-21,
               2014},
  pages     = {151--164},
  publisher = {{ACM}},
  year      = {2014},
  url       = {https://doi.org/10.1145/2535838.2535885},
  doi       = {10.1145/2535838.2535885},
  timestamp = {Thu, 24 Jun 2021 16:19:31 +0200},
  biburl    = {https://dblp.org/rec/conf/popl/FarzanKP14.bib},
  bibsource = {dblp computer science bibliography, https://dblp.org}
}

@inproceedings{compcertholes,
  author    = {David Monniaux and
               Sylvain Boulm{\'{e}}},
  editor    = {Ilya Sergey},
  title     = {The Trusted Computing Base of the CompCert Verified Compiler},
  booktitle = {Programming Languages and Systems - 31st European Symposium on Programming,
               {ESOP} 2022, Held as Part of the European Joint Conferences on Theory
               and Practice of Software, {ETAPS} 2022, Munich, Germany, April 2-7,
               2022, Proceedings},
  series    = {Lecture Notes in Computer Science},
  volume    = {13240},
  pages     = {204--233},
  publisher = {Springer},
  year      = {2022},
  url       = {https://doi.org/10.1007/978-3-030-99336-8\_8},
  doi       = {10.1007/978-3-030-99336-8\_8},
  timestamp = {Fri, 29 Apr 2022 14:50:41 +0200},
  biburl    = {https://dblp.org/rec/conf/esop/MonniauxB22.bib},
  bibsource = {dblp computer science bibliography, https://dblp.org}
}

@article{verifytaco,
  author    = {Amanda Liu and
               Gilbert Louis Bernstein and
               Adam Chlipala and
               Jonathan Ragan{-}Kelley},
  title     = {Verified tensor-program optimization via high-level scheduling rewrites},
  journal   = {Proc. {ACM} Program. Lang.},
  volume    = {6},
  number    = {{POPL}},
  pages     = {1--28},
  year      = {2022},
  url       = {https://doi.org/10.1145/3498717},
  doi       = {10.1145/3498717},
  timestamp = {Mon, 14 Feb 2022 17:12:43 +0100},
  biburl    = {https://dblp.org/rec/journals/pacmpl/LiuBCR22.bib},
  bibsource = {dblp computer science bibliography, https://dblp.org}
}

@incollection{predabs,
  author    = {Ranjit Jhala and
               Andreas Podelski and
               Andrey Rybalchenko},
  editor    = {Edmund M. Clarke and
               Thomas A. Henzinger and
               Helmut Veith and
               Roderick Bloem},
  title     = {Predicate Abstraction for Program Verification},
  booktitle = {Handbook of Model Checking},
  pages     = {447--491},
  publisher = {Springer},
  year      = {2018},
  url       = {https://doi.org/10.1007/978-3-319-10575-8\_15},
  doi       = {10.1007/978-3-319-10575-8\_15},
  timestamp = {Mon, 03 Jan 2022 22:13:30 +0100},
  biburl    = {https://dblp.org/rec/reference/mc/JhalaPR18.bib},
  bibsource = {dblp computer science bibliography, https://dblp.org}
}

@inproceedings{rubytypes,
  author    = {Jong{-}hoon (David) An and
               Avik Chaudhuri and
               Jeffrey S. Foster and
               Michael Hicks},
  editor    = {Thomas Ball and
               Mooly Sagiv},
  title     = {Dynamic inference of static types for ruby},
  booktitle = {Proceedings of the 38th {ACM} {SIGPLAN-SIGACT} Symposium on Principles
               of Programming Languages, {POPL} 2011, Austin, TX, USA, January 26-28,
               2011},
  pages     = {459--472},
  publisher = {{ACM}},
  year      = {2011},
  url       = {https://doi.org/10.1145/1926385.1926437},
  doi       = {10.1145/1926385.1926437},
  timestamp = {Thu, 24 Jun 2021 16:19:31 +0200},
  biburl    = {https://dblp.org/rec/conf/popl/AnCFH11.bib},
  bibsource = {dblp computer science bibliography, https://dblp.org}
}

@inproceedings{polyquickcheck,
  author    = {Jean{-}Philippe Bernardy and
               Patrik Jansson and
               Koen Claessen},
  editor    = {Andrew D. Gordon},
  title     = {Testing Polymorphic Properties},
  booktitle = {Programming Languages and Systems, 19th European Symposium on Programming,
               {ESOP} 2010, Held as Part of the Joint European Conferences on Theory
               and Practice of Software, {ETAPS} 2010, Paphos, Cyprus, March 20-28,
               2010. Proceedings},
  series    = {Lecture Notes in Computer Science},
  volume    = {6012},
  pages     = {125--144},
  publisher = {Springer},
  year      = {2010},
  url       = {https://doi.org/10.1007/978-3-642-11957-6\_8},
  doi       = {10.1007/978-3-642-11957-6\_8},
  timestamp = {Mon, 14 Feb 2022 09:20:30 +0100},
  biburl    = {https://dblp.org/rec/conf/esop/BernardyJC10.bib},
  bibsource = {dblp computer science bibliography, https://dblp.org}
}

@article{logquickcheck,
  author    = {Kuen{-}Bang Hou (Favonia) and
               Zhuyang Wang},
  title     = {Logarithm and program testing},
  journal   = {Proc. {ACM} Program. Lang.},
  volume    = {6},
  number    = {{POPL}},
  pages     = {1--26},
  year      = {2022},
  url       = {https://doi.org/10.1145/3498726},
  doi       = {10.1145/3498726},
  timestamp = {Thu, 22 Sep 2022 10:32:09 +0200},
  biburl    = {https://dblp.org/rec/journals/pacmpl/HouW22.bib},
  bibsource = {dblp computer science bibliography, https://dblp.org}
}

@article{alloy,
  author    = {Daniel Jackson},
  title     = {Alloy: a language and tool for exploring software designs},
  journal   = {Commun. {ACM}},
  volume    = {62},
  number    = {9},
  pages     = {66--76},
  year      = {2019},
  url       = {https://doi.org/10.1145/3338843},
  doi       = {10.1145/3338843},
  timestamp = {Thu, 05 Sep 2019 19:40:32 +0200},
  biburl    = {https://dblp.org/rec/journals/cacm/Jackson19.bib},
  bibsource = {dblp computer science bibliography, https://dblp.org}
}

@inproceedings{smallscopeeval,
  title={Evaluating the “small scope hypothesis”},
  author={Andoni, Alexandr and Daniliuc, Dumitru and Khurshid, Sarfraz and Marinov, Darko},
  booktitle={In Popl},
  volume={2},
  year={2003},
  organization={Citeseer}
}
